5550 6792
756 637 885 703 443
2131 633 2605 699 CATALOGUS

1517 835 1734 897 TCM.
1778 835 1958 895 XLV.

761 948 1233 1011 Commentarius
1278 950 1336 1008 in
1384 948 1746 1008 harmoniam
1793 946 2198 1022 evangelicam

1501 1093 1716 1155 Tou.
1761 1093 1971 1153 xnvt.
2766 1053 2773 1166 i

764 1210 1043 1270 Sermons
1087 1227 1189 1270 sur
1231 1204 1578 1268 l'harmonie
1624 1203 2018 1282 evangelique
2461 1196 2712 1262 1-826
2767 1171 2772 1254 l

763 1312 1040 1375 Sermons
1084 1305 1158 1370 de
1203 1311 1261 1369 la
1304 1309 1543 1385 passion
2369 1298 2716 1365 829—954

764 1415 1010 1478 Sermon
1057 1415 1131 1475 de
1176 1415 1235 1473 la
1279 1412 1523 1473 nativite
1571 1413 1646 1471 de
1691 1411 1888 1472 Christ
2370 1401 2712 1470 955—968

1482 1557 1698 1619 TOM.
1757 1557 1995 1619 XLVII.

764 1673 1230 1734 Commentarius
1273 1673 1335 1731 in
1381 1672 1756 1749 evangelium
1803 1671 2040 1731 Ioannis
2460 1660 2711 1725 1-458

763 1775 1202 1852 Congregation
1252 1794 1353 1836 sur
1396 1778 1455 1835 la
1499 1774 1745 1836 divinite
1790 1773 1865 1835 de
1910 1773 2108 1834 Christ
2371 1764 2714 1831 461-484
2764 1749 2771 1928 ἰ

1475 1930 1689 1990 ΤΟΜ.
1734 1928 2000 1988 XLVIII.
2764 1941 2770 1990 ι

764 2040 1233 2103 Commentarius
1277 2043 1337 2102 in
1383 2041 1541 2103 Acta
1585 2041 1983 2117 apostolorum
2460 2032 2714 2096 1--574

764 2145 1042 2206 Sermons
1087 2146 1162 2206 de
1210 2141 1586 2206 l’Ascension
2368 2134 2713 2201 585—622

764 2248 1041 2308 Sermons
1088 2249 1161 2308 de
1207 2251 1268 2309 la
1312 2251 1660 2310 Pentecoste
2369 2239 2713 2305 624—664

1503 2367 1718 2428 TOM.
1767 2367 1974 2426 XLIX.

766 2479 1235 2542 Commentarius
1280 2481 1340 2540 in
1387 2481 1694 2557 epistolam
1742 2480 1909 2541 Pauli
1956 2477 2033 2540 ad
2075 2480 2371 2538 Romanos
2460 2470 2712 2539 1—292

764 2582 1233 2645 Commentarius
1262 2585 1322 2644 in
1355 2585 1528 2659 epist.
1561 2583 1728 2645 Pauli
1759 2584 1836 2644 ad
1867 2581 2204 2643 Corinthios
2233 2581 2280 2640 Ι.
2371 2576 2712 2643 293-574

768 2685 1048 2748 Sermons
1080 2705 1181 2749 sur
1210 2689 1298 2748 les
1329 2686 1503 2764 ehap.
1532 2687 1584 2746 X
1617 2693 1677 2748 et
1704 2687 1788 2747 XI
1819 2688 1893 2747 de
1924 2688 1983 2746 la
2012 2686 2305 2761 premiere

854 2774 1041 2851 epitre
1087 2792 1203 2834 aux
1245 2772 1624 2834 Corinthiens
2362 2769 2710 2834 577-830

1565 2928 1782 2988 TOM.
1837 2928 1908 2988 L.
2761 2935 2769 3154 Ι

763 3039 1229 3101 Commentarius
1272 3039 1332 3098 in
1379 3041 1552 3115 epist.
1584 3040 1752 3100 Pauli
1798 3040 1875 3101 ad
1923 3039 2258 3100 Corinthios
2295 3039 2369 3100 11.
2456 3035 2709 3101 1—156

763 3143 1230 3204 Commentarius
1276 3143 1337 3202 in
1384 3143 1553 3218 epist.
1590 3143 1759 3204 Pauli
1803 3143 1879 3203 ad
1927 3144 2170 3205 Galatas
2370 3139 2708 3205 157-268
2761 3157 2768 3276 Ι

763 3247 1041 3307 Sermons
1063 3262 1163 3305 sur
1185 3240 1416 3321 l’epttre
1435 3263 1550 3305 aux
1569 3244 1833 3308 Galates.
1882 3246 2070 3307 Serm.
2103 3244 2327 3308 1—33.
2367 3244 2711 3311 269-696
2761 3281 2767 3356 ἔ

1558 3399 1677 3461 ΤΟ
1694 3401 1772 3460 Μ.
1820 3402 1919 3461 LI.

764 3513 1041 3572 Sermons
1065 3529 1167 3571 sur
1189 3506 1421 3587 l'epttre
1445 3531 1561 3572 aux
1585 3513 1849 3573 Galates.
1901 3513 2088 3573 Serm.
2112 3510 2390 3575 34-43.
2460 3510 2710 3575 1-136
2761 3519 2768 3632 Ι

765 3615 1229 3676 Commentarius
1275 3615 1335 3674 in
1382 3615 1552 3690 epist.
1587 3616 1755 3677 Pauli
1801 3617 1878 3676 ad
1923 3616 2217 3692 Ephesios
2373 3613 2713 3680 137—240
2762 3637 2769 3736 Ι

765 3718 1041 3779 Sermons
1087 3737 1188 3778 sur
1231 3716 1464 3795 l’epitre
1509 3735 1623 3778 aux
1668 3718 2001 3794 Ephesiens

1539 3864 1758 3925 Tou.
1806 3866 1933 3926 L11.
2765 3843 2770 3904 ¹

764 3974 1233 4037 Commentarius
1277 3976 1336 4035 in
1385 3976 1559 4052 epist.
1592 3978 1762 4038 Pauli
1807 3980 1885 4039 ad
1933 3978 2347 4056 Philippenses
2503 3977 2713 4040 1—76
2765 4003 2769 4014 ’

764 4078 1231 4138 Commentarius
1277 4077 1335 4137 in
1381 4078 1557 4154 epist.
1588 4078 1757 4139 Pauli
1802 4080 1879 4140 ad
1925 4082 2310 4144 Colosseuses
2413 4080 2713 4144 77-132

765 4180 1086 4241 Commeat.
1106 4180 1167 4239 in
1192 4182 1365 4256 epist.
1393 4182 1560 4242 Pauli
1584 4182 1661 4242 ad
1688 4182 2253 4247 Thessalonicenses
2279 4187 2321 4247 l.
2371 4184 2712 4250 133—180

769 4284 1090 4344 Comment.
1115 4285 1174 4343 in
1200 4284 1371 4360 epist.
1394 4285 1563 4346 Pauli
1580 4286 1657 4345 ad
1676 4287 2239 4350 Thessalonicenses
2253 4288 2331 4350 11.
2374 4287 2712 4354 181-218
2764 4266 2771 4344 Ῑ

763 4388 1006 4447 Sermon
1054 4387 1132 4446 du
1177 4386 1413 4447 dernier
1456 4391 1849 4451 advenfflnent
1892 4392 1965 4451 de
2011 4396 2211 4452 nostre
2764 4349 2772 4420 ¹

847 4473 1138 4548 Seigneur
1188 4475 1349 4535 Iesus
1396 4475 1589 4535 Christ
2372 4475 2713 4543 219—238
2765 4425 2772 4624 ς

763 4574 1229 4635 [simtu-eutarius
1260 4577 1319 4637 in
1350 4578 1523 4654 epist.
1548 4579 1718 4639 Pauli
1749 4580 1826 4640 ad
1857 4581 2230 4642 Timotheum
2263 4583 2310 4643 1.
2370 4579 2714 4646 241—336
2767 4633 2772 4646 .

762 4678 1233 4739 [levamentarius
1263 4682 1324 4741 in
1356 4682 1529 4757 epist.
1555 4684 1723 4743 Pauli
1755 4684 1833 4743 ad
1857 4684 2232 4745 Timotheum
2256 4686 2331 4745 11.
2372 4682 2713 4752 337—396
2766 4659 2773 4784 ἲ

768 4782 1233 4843 Commentarius
1262 4786 1320 4844 in
1353 4786 1526 4862 epist.
1552 4785 1721 4846 Pauli
1751 4788 1830 4847 ad
1860 4787 2059 4848 Titum
2369 4786 2713 4854 397—436
2765 4790 2772 4886 ξ

763 4891 1237 4951 Gema-teutarius
1281 4890 1339 4947 in
1385 4891 1556 4963 epist.
1602 4889 1679 4950 ad
1728 4890 2130 4952 Philemonem
2368 4891 2715 4957 437—450
2767 4909 2771 4980 Ι

1528 5044 1582 5103 T
1603 5043 1748 5105 ou.
1795 5046 1950 5112 Lm.
2766 5001 2772 5050 ³

765 5153 1042 5214 Sermons
1090 5172 1189 5214 sur
1234 5156 1291 5218 la
1334 5156 1626 5231 premiere
1671 5156 1862 5234 epitre
1907 5160 1943 5217 a
1986 5158 2299 5220 Timothee

1527 5311 1743 5373 TOM.
1791 5312 1944 5374 LIV.
2764 5339 2771 5415 ἰ

765 5419 1043 5480 Sermons
1090 5438 1191 5481 sur
1235 5423 1293 5482 la
1331 5426 1589 5486 seconde
1635 5424 1825 5502 epttre
1870 5427 1908 5485 a
1952 5426 2263 5489 Timotheo
2458 5427 2715 5491 1—370
2764 5419 2770 5504 ξ

767 5522 1043 5584 Sermons
1088 5543 1189 5585 sur
1232 5525 1468 5604 l’epitre
1512 5530 1548 5587 a
1594 5529 1731 5590 Tite
2368 5529 2712 5597 373-596
2764 5511 2772 5586 l

2673 633 2999 695 OPERUM
3065 628 3396 693 CALVINI

3602 824 3817 888 TOM.
3868 827 3990 888 LV.

2825 948 3295 1010 Commentarius
3339 947 3398 1006 in
3446 947 3619 1024 epist.
3665 947 3742 1007 ad
3785 947 4095 1007 Hebraeos
4519 939 4776 1006 1—198

2824 1051 3291 1112 Commentarius
3335 1051 3395 1110 in
3434 1051 3717 1126 epistolas
3762 1050 4114 1111 catholicas:

3133 1155 3322 1230 Epist.
3368 1155 3531 1213 Petri
3578 1155 3621 1212 1.
4430 1146 4778 1212 205-292

3133 1258 3320 1333 Epist.
3366 1257 3605 1317 Ioannis
4431 1249 4777 1316 293-376

3131 1361 3318 1436 Epist.
3367 1361 3566 1422 iacobi
4432 1354 4780 1420 377—436

3131 1464 3322 1539 Epist.
3368 1465 3532 1526 Petri
3578 1464 3652 1524 Π.
4433 1456 4781 1524 437-480

3131 1567 3322 1642 Epist.
3370 1566 3551 1627 Iudae
4429 1560 4783 1629 481—500

2822 1667 3252 1730 Commentaire
3298 1688 3400 1731 sur
3441 1666 3676 1745 l'epitre
3720 1670 3794 1731 de
3836 1670 3989 1730 Jude
4431 1664 4779 1731 501—516

3588 1843 3640 1903 T
3658 1842 3709 1903 Ο
3727 1844 3805 1902 Μ.
3850 1842 4004 1903 LVI.

2821 1957 2910 2019 La
2952 1959 3125 2021 Bible
3171 1961 3462 2041 francaise
3505 1964 3579 2023 de
3626 1963 3863 2024 Calvin:

3130 2065 3247 2125 Les
3306 2067 3440 2142 cinq
3487 2066 3667 2127 livres
3725 2066 3800 2126 de
3835 2066 4023 2127 Moise
4086 2070 4148 2125 et
4182 2067 4239 2127 le
4283 2066 4434 2125 livre

3235 2153 3309 2212 de
3352 2152 3523 2212 Iosue
4517 2147 4777 2212 1—364

3131 2254 3214 2314 Le
3259 2255 3408 2315 livre
3454 2254 3559 2315 des
3603 2257 3891 2317 Psaumes
4427 2250 4775 2316 365—504

3130 2358 3216 2418 Le
3260 2359 3405 2419 livre
3461 2357 3535 2419 de
3579 2360 3693 2419 Job
4428 2352 4778 2419 505—574

3125 2461 3211 2521 Le
3257 2463 3406 2521 livre
3452 2462 3529 2522 du
3573 2461 3865 2538 prophete
3906 2463 4061 2524 Isaie
4422 2456 4770 2522 577-680

3129 2564 3213 2625 Le
3258 2565 3407 2625 livre
3452 2565 3529 2625 du
3574 2565 3863 2641 prophete
3907 2564 4063 2627 Osee
4424 2559 4771 2626 681—700

3560 2736 3778 2798 TOM.
3826 2737 4009 2799 LVII.

2820 2855 2908 2916 La
2951 2856 3122 2916 Bible
3165 2855 3459 2933 francaise
3505 2857 3580 2916 de
3626 2856 3867 2917 Calvin:

3129 2960 3244 3021 Les
3292 2959 3614 3036 Evangiles
4514 2960 4770 3025 1—288

3129 3062 3245 3122 Les
3288 3058 3477 3123 Actes
3523 3064 3629 3123 des
3678 3066 3931 3139 Apetres
4424 3062 4771 3128 288-374

3128 3167 3243 3226 Les
3289 3167 3527 3242 Epitres
4427 3167 4775 3231 377—624

3554 3305 3772 3366 TOM.
3819 3306 4029 3366 LVIII.

2820 3421 3425 3498 Supplementum.
3534 3425 3725 3485 Treze
3784 3443 4050 3488 sermons
4107 3427 4360 3489 traitans

3024 3508 3099 3569 de
3130 3506 3423 3570 l’election
3461 3513 3717 3586 gratuite
3750 3512 3825 3572 de
3858 3513 4010 3573 Dieu
4042 3530 4116 3573 en
4146 3513 4355 3574 Jacob.
4392 3561 4405 3576 .
4442 3560 4455 3575 .

3023 3595 3330 3672 Response
3376 3597 3413 3655 a
3456 3600 3746 3658 certaines
3792 3597 4110 3659 calomnies
4524 3596 4775 3662 1—206

2367 3718 2712 3785 241-..862
2763 3741 2769 3820 ἱ
2818 3714 3107 3775 Indices
3139 3717 3196 3775 in
3227 3717 3617 3778 XXIII—LV
3648 3724 3872 3779 tomos:

3128 3821 3440 3881 Nominum
3484 3826 3543 3881 et
3582 3838 3779 3883 rerum
4514 3822 4768 3886 1—226

3128 3924 3415 3985 Locorum
3463 3923 3524 3984 S.
3557 3925 3617 3985 S.
3663 3927 3882 4001 passim
3929 3928 4317 4002 allegatorum
4422 3925 4769 3992 229—362

3127 4028 3349 4087 Vocum
3394 4026 3805 4090 hebraicarum
4426 4029 4772 4094 365-412

3130 4131 3350 4190 Vocum
3397 4149 3744 4207 graecarum
4426 4131 4771 4199 413-432

2822 4248 3079 4311 Catalo
3095 4252 3165 4326 gi
3212 4251 3667 4328 bibliographici
3688 4272 3703 4313 ε

3130 4354 3387 4429 Operum
3407 4355 3637 4416 Calvini
3655 4359 3975 4419 secundum
3997 4358 4263 4420 ordinem
4284 4359 4455 4423 huius
4475 4361 4773 4424 editionis.

3131 4457 3388 4534 Operum
3436 4458 3667 4520 Calvini
3712 4463 4141 4535 alphabeticus.

3132 4558 3389 4636 Operum
3436 4561 3667 4622 Calvini
3712 4567 4181 4643 chronologicus.

3134 4660 3390 4738 Operum
3435 4664 3509 4724 ad
3561 4665 3866 4728 Calvinum
3912 4672 4342 4746 spectantium:

3236 4757 3248 4767 ’
3440 4768 3647 4829 ordine
3692 4773 4095 4852 systematico,

3433 4871 3639 4931 ordine
3684 4872 4059 4949 alphabetico
4104 4884 4392 4940 autorum.
