5550 6792
387 634 451 704 453
1230 633 1545 696 ALPHABDTIOUS.
2323 636 2389 702 454

381 836 590 915 Philippenses
605 832 853 918 (Commentarios
867 834 898 894 in
915 849 960 910 ep.
974 828 1027 915 ad)
1061 831 1223 894 Tom.L11.
1244 828 1357 894 l-ie.
1411 830 1526 893 Seneca
1540 831 1579 893 de
1593 830 1759 895 clementia
1774 851 1839 895 cum
1855 833 2064 896 commentario
2096 835 2181 895 Tom.
2194 835 2230 896 V.
2248 832 2386 898 1-162.

381 940 507 1020 Pephius
527 959 556 1003 o.
571 940 723 1001 Defensio.
1183 1008 1185 1013 ¹
1411 934 1551 995 Sermone
1563 935 1701 1015 (Quatre)
1712 938 1834 998 traitant
1846 938 1884 997 de
1895 937 2035 998 mutieres
2045 937 2105 999 fort
2116 938 2204 999 utiles
2220 957 2248 1000 o.
2262 939 2383 1015 Quatre.

381 1046 512 1107 Polonos
526 1038 694 1125 (Responsa
709 1040 761 1124 ad)
792 1042 878 1102 Tom.
893 1040 943 1103 IX.
967 1035 1153 1119 333-3583
1175 1034 1358 1100 629-650.
1566 1036 1700 1121 (Treiae)
1722 1042 1846 1102 traitant
1868 1041 1906 1100 de
1928 1035 2076 1101 l’election
2100 1043 2232 1118 gratuite
2255 1042 2293 1103 de
2309 1044 2386 1105 Dteu

381 1147 658 1209 Praedestinatione
681 1143 740 1225 (De
763 1141 899 1225 aeterna)
971 1144 1055 1204 Tom.
1073 1143 1152 1203 VIII.
1174 1138 1357 1203 249-366.
1615 1160 1643 1205 o.
1660 1142 1776 1203 Treiae.

382 1250 659 1314 Praedestinatione
681 1245 821 1331 (Articuli
844 1243 895 1329 de)
1108 1247 1191 1307 Tom.
1209 1247 1260 1307 IX.
1285 1242 1357 1308 713.
1412 1244 1551 1306 Sermone
1577 1263 1605 1306 v.
1632 1246 1733 1324 Actes,
1767 1245 1968 1325 CorinthIena,
2006 1246 2122 1325 Daniel,
2156 1247 2387 1329 Deuteronome,

382 1354 588 1417 Praefationes
1002 1350 1086 1411 Tom.
1103 1351 1153 1411 IX.
1177 1346 1358 1412 use-866.
1616 1349 1675 1408 Dix
1711 1348 1979 1411 commendements
2016 1348 2191 1429 Ephesiens,
2232 1350 2386 1431 Ezechias,

382 1457 503 1520 Prieres
524 1476 553 1520 o.
568 1457 684 1517 Torms.
1619 1452 1750 1530 Galatea,
1774 1454 1945 1525 Harmonia,
1971 1453 2056 1530 Jean,
2085 1453 2152 1532 Joh,
2180 1452 2268 1534 Isaie,
2297 1456 2387 1515 Justi-

383 1560 554 1637 Prophetae
576 1559 705 1619 minores
728 1553 991 1637 (Commentarius)
1024 1557 1109 1617 Tom.
1125 1555 1358 1616 XLII-XLIV.
1615 1555 1743 1634 fication,
1781 1556 2009 1636 Melchisedech,
2046 1556 2200 1635 Pssumea,
2238 1556 2388 1637 Sacrifica,

382 1664 495 1724 Psalmi
517 1658 777 1743 (Commentarius)
1009 1660 1094 1720 Tom.
1110 1660 1215 1719 XXXI.
1238 1658 1357 1720 XXXII.
1617 1658 1886 1739 Thessalonioiens,
1910 1658 2074 1719 Timothee.

382 1767 509 1828 Psanme
532 1766 695 1825 LXXXVII
716 1783 744 1826 o.
762 1764 873 1840 Quatre
895 1780 1038 1825 sermons.
1413 1760 1552 1821 Servatus
1572 1779 1601 1822 o.
1617 1762 1706 1821 Actes
1728 1765 1756 1822 et
1778 1761 1928 1825 Defensio.

383 1869 509 1931 Pssume
522 1868 616 1929 CXIX
627 1865 780 1947 (Sermons
791 1883 842 1928 sur
851 1861 893 1947 le)
930 1867 1015 1927 Tom.
1031 1866 1152 1926 XXXII.
1175 1863 1358 1929 sel-loa.
1412 1863 1517 1940 Spiera
1539 1863 1704 1943 (Praefatio
1726 1866 1755 1924 in
1779 1865 1910 1928 libellum
1932 1863 1984 1947 de)
2135 1867 2220 1926 Tom.
2237 1866 2289 1927 IX.
2312 1862 2387 1930 855.

382 1973 525 2034 Pssumes
548 1971 626 2033 OXV
648 1977 679 2032 et
701 1970 821 2033 OXXIV
843 1966 997 2053 (Sermone
1018 1988 1070 2030 sur
1091 1972 1149 2049 les)
1412 1967 1547 2027 Stancari
1570 1985 1699 2029 errorem
1722 1966 1899 2046 (Responsio
1921 1964 1975 2051 ad)
2029 1969 2114 2029 Tom.
2129 1969 2180 2031 IX.
2204 1965 2387 2032 333-358.

933 2074 1017 2134 Tom.
1034 2072 1153 2132 XXXII.
1176 2068 1358 2135 451-480.
1383 2062 1387 2186 Ι
1412 2069 1642 2146 Superstitiones
1662 2088 1690 2131 a.
1708 2071 1864 2132 Vitandae.

382 2178 525 2238 Pssumes
547 2176 637 2238 rimes
1000 2175 1085 2235 Tom.
1101 2175 1151 2235 Vl.
1176 2170 1357 2237 ull-224.
1383 2191 1386 2258 ς
1412 2173 1542 2250 Supplex
1564 2172 1731 2235 exhortatio
1752 2175 1791 2235 ad
1815 2174 1973 2237 Caesarem
2027 2175 2113 2237 Tom.
2130 2175 2180 2237 Vl.
2205 2171 2386 2237 lue-534.

384 2383 495 2459 Quatre
518 2400 651 2443 sermons
672 2383 795 2444 traitant
817 2382 854 2441 de
876 2381 1015 2442 matieres
1037 2379 1096 2441 fort
1118 2382 1205 2441 utiles
1411 2380 1634 2441 Testamentum
1656 2379 1774 2440 Caluini
2125 2382 2210 2442 Tom.
2226 2382 2290 2441 XX.
2314 2378 2388 2443 298.

964 2484 1049 2544 Tom.
1073 2484 1152 2544 Vlll.
1174 2481 1356 2547 369-452.
1411 2480 1583 2543 Thesaurus
1605 2482 1776 2558 epistolicus
2120 2485 2206 2545 Tom.
2223 2486 2388 2545 x-xxll.

1412 2585 1693 2647 Thessalonicenses
1716 2583 1965 2669 (Commentarius
1988 2587 2017 2647 in
2039 2604 2106 2664 epp.
2130 2587 2182 2666 ad)
2269 2658 2272 2664 ¹

383 2693 567 2754 Ratishonne
589 2709 618 2753 o.
633 2692 735 2753 Actes.
2016 2691 2100 2752 Tom.
2117 2692 2181 2752 LII.
2208 2688 2389 2752 133-218.

383 2793 584 2855 Reformatiou
607 2813 683 2871 pour
703 2795 832 2871 imposer
855 2795 966 2854 silence
988 2793 1007 2852 l
1030 2791 1173 2853 (lathelan
1412 2790 1572 2867 Tiguriuus
1595 2809 1757 2853 consensus
1778 2809 1807 2852 o.
1824 2792 1996 2853 Consenaio.

999 2895 1085 2956 Tom.
1102 2896 1154 2956 IX.
1181 2892 1359 2957 121-136.
1412 2893 1567 2956 Timotheo
1589 2891 1742 2976 (Sermone
1764 2913 1815 2956 sur
1837 2896 1880 2956 les
1903 2896 2013 2971 epitres
2035 2892 2066 2975 a)

383 3003 525 3077 Reliqnes
540 2997 789 3078 (evenissement
804 2997 907 3059 relatif
916 2995 988 3079 aux)
1010 2998 1158 3058 Tom.V1.
1174 2994 1359 3067 sou-452,
1939 2998 2024 3060 Tom.
2048 2999 2126 3059 LIII.
2151 2999 2226 3060 LIV.
2254 2997 2387 3061 1-370.

384 3105 540 3181 Responsa
562 3102 600 3162 ad
623 3103 751 3162 Polonos
772 3120 799 3164 o.
815 3102 952 3161 Polonos.
1412 3099 1598 3161 TImotheum
1622 3097 1871 3180 (Commentarius
1893 3103 1923 3161 iu
1947 3120 2015 3178 epp.
2039 3101 2091 3178 ad)

384 3207 540 3284 Responsa
561 3208 599 3267 ad
622 3206 796 3267 Stanoarum
818 3224 846 3265 o.
863 3205 1031 3265 Stanoarus.
2012 3205 2096 3266 Tom.
2120 3206 2184 3267 LII.
2207 3202 2389 3268 241-396.

385 3311 540 3387 Response
563 3310 581 3368 l
603 3328 642 3369 un
664 3308 839 3368 Hollandois
861 3326 890 3369 u.
908 3305 1090 3368 Hollandois.
1413 3306 1482 3366 TIte
1505 3306 1657 3384 (Sermone
1679 3325 1730 3367 sur
1752 3303 1821 3384 l'ep.
1841 3305 1874 3388 d)
2003 3310 2088 3369 Tom.
2107 3309 2184 3370 LIV.
2206 3306 2389 3371 373-596.

385 3413 550 3490 Responsio
573 3412 611 3472 ad
634 3411 808 3473 Balduinum
829 3430 858 3471 o.
874 3412 1047 3472 Balduinus.
1413 3408 1513 3470 Titum
1536 3406 1783 3488 (Commentarius
1804 3412 1834 3471 in
1857 3429 1905 3488 ep.
1921 3409 1972 3493 ad)
2017 3413 2102 3473 Tom.
2117 3412 2182 3472 LII.
2205 3409 2387 3474 397-436.

385 3516 550 3593 Responsio
572 3516 611 3575 ad
634 3514 773 3575 Iudaeum
796 3514 978 3575 o.1udaeus.
1414 3512 1520 3573 Troiae
1543 3530 1677 3574 sermons
1699 3514 1823 3574 traitant
1851 3515 1889 3575 de
1916 3512 2067 3575 l’election
2091 3518 2219 3591 gratuite
2249 3515 2286 3575 de
2310 3515 2386 3575 Dieu

385 3619 550 3696 Responsio
573 3618 611 3678 sd
634 3619 818 3679 Nebulonem
840 3633 869 3677 v.
885 3617 1012 3678 Nebulo.
1738 3618 1821 3677 Tom.
1839 3617 1946 3679 LVIII.
1970 3613 2225 3697 Sapplcmmtum
2247 3615 2385 3681 2-206.

386 3724 551 3799 Responsio
573 3722 611 3781 ad
634 3721 827 3797 Versipellem
850 3738 878 3781 o.
895 3720 1078 3796 Versipellis.
1238 3783 1240 3788 ,
1414 3720 1591 3782 Tridentina
1612 3720 1745 3796 synodus
1766 3738 1794 3782 v.
1811 3722 1896 3782 Acta.

384 3827 534 3886 Romanos
545 3820 791 3903 (Commentarius
801 3824 832 3883 in
845 3842 890 3901 ep.
903 3820 956 3904 ad)
1001 3824 1086 3884 Tom.
1100 3823 1205 3884 XLIX
1223 3820 1359 3885 1-292.
1413 3824 1546 3884 TrInitas
1566 3842 1596 3886 o.
1611 3822 1763 3885 Defensio.

1413 3928 1559 3988 Tiluitate
1581 3921 1750 4008 (Confessio
1773 3924 1825 4007 de)
2133 3928 2219 3987 Tom.
2237 3928 2289 3989 IX.
2314 3923 2387 3989 703.

384 4031 521 4107 Saeonay
540 4048 569 4091 v.
586 4029 762 4090 Gratulatio.

384 4134 577 4195 Sacramenta
598 4153 626 4195 o.
643 4132 795 4193 Defensio.
1414 4133 1523 4193 Ultima
1536 4132 1696 4193 admonitio
1712 4132 1751 4192 ad
1766 4131 1972 4211 Westphalum
2030 4133 2114 4193 Tom.
2130 4133 2181 4193 IX.
2206 4129 2387 4195 rel-252.

384 4235 524 4298 Sacrifico
547 4235 727 4296 d'Abraham
751 4232 906 4315 (Sermone
927 4251 978 4294 sur
999 4231 1041 4314 le)

947 4338 1032 4397 Tom.
1048 4337 1155 4399 XXIII.
1180 4334 1360 4402 ror-tel.
1415 4338 1588 4414 Versipellis
1609 4336 1754 4398 mediator
2029 4340 2113 4401 Tom.
2130 4341 2182 4399 IX.
2205 4336 2387 4402 525-560.

385 4443 516 4504 Sadoleti
538 4449 569 4502 et
591 4440 706 4501 Caluini
729 4441 873 4517 epistolae
1018 4441 1101 4502 Tom.
1120 4441 1154 4500 V.
1177 4437 1359 4502 eus-416.
1415 4440 1560 4501 Vitandae
1582 4442 1808 4518 superstitiones
2032 4443 2116 4503 Tom.
2134 4444 2182 4503 VI.
2206 4440 2387 4504 453-644.

384 4546 531 4607 Samuelis
552 4543 711 4626 (Homiliae
734 4546 764 4604 in
787 4544 839 4605 lib.
855 4540 895 4624 1.)
1036 4543 1122 4604 Tom.
1138 4544 1244 4604 XXIX.
1266 4543 1359 4604 XXX.

385 4649 533 4709 Scandala
1039 4647 1122 4707 Tom.
1140 4646 1218 4707 Vlll.
1245 4643 1357 4708 1-84.
1414 4646 1608 4723 Westphalus
1629 4666 1657 4709 a.
1673 4646 1816 4708 Defensio
1838 4649 1867 4709 et
1887 4648 2006 4709 Ultima.
