5550 6792
742 2598 806 2694 Αη
836 2600 981 2693 teoteur
1008 2600 1124 2719 tolete
1153 2598 1259 2693 Poto
1288 2610 1327 2692 et
1349 2623 1477 2716 proce
1507 2624 1557 2691 en
1588 2597 1704 2692 lesus
1735 2595 1872 2693 llutst.

541 2824 608 2890 Por
628 2845 659 2891 oe
681 2845 738 2906 oue
760 2824 792 2887 lo
813 2825 938 2906 disputo
958 2825 996 2888 de
1018 2822 1048 2886 lo
1068 2822 1322 2902 predestination,
1350 2827 1378 2885 et
1398 2822 1523 2887 eleotion
1542 2824 1678 2904 proluite
1699 2822 1736 2887 de
1758 2822 1855 2908 Dieu,
1881 2823 1991 2890 semble
2013 2825 2033 2889 ᾰ
2051 2826 2215 2908 plusieurs
2237 2830 2315 2890 estre
2337 2846 2387 2889 en-

384 2937 530 3022 ueloppeo,
558 2942 586 3001 et
607 2956 721 3018 copnue
750 2936 787 3000 <le
810 2955 876 3015 peu
903 2954 1017 2999 comme
1038 2934 1063 2999 il
1083 2932 1163 3017 font,
1192 2938 1299 3014 etque
1327 2934 1497 3015 oepmdout
1527 2934 1558 2998 lo
1580 2934 1681 2999 droite
1702 2937 1917 3019 eopnoissonoe
1939 2935 2057 3002 ol’ioelle
2079 2956 2159 3001 nous
2180 2942 2308 3019 oppone
2325 2958 2385 3002 une

382 3050 501 3132 ponde
529 3048 719 3112 consolation
747 3052 775 3110 et
802 3047 1013 3127 confirmation
1033 3046 1072 3111 de
1095 3046 1160 3129 foy,
1189 3045 1255 3111 oelo
1282 3065 1363 3110 nous
1387 3065 1409 3109 o
1429 3045 1492 3126 soit
1513 3050 1620 3110 notre
1642 3066 1678 3110 en
1700 3046 1831 3110 lumiere
1852 3067 1900 3112 oes
1921 3053 2001 3113 treoe
2025 3068 2165 3113 sermons
2193 3049 2231 3113 de
2254 3047 2387 3114 Moietre

386 3161 463 3225 loon
487 3160 609 3240 Coloin,
639 3159 757 3240 nouos
786 3163 820 3222 tu
849 3167 1011 3223 trouveras
1032 3162 1109 3222 ceste
1137 3158 1265 3222 muliere
1286 3155 1421 3238 liquidee
1442 3162 1471 3221 et
1491 3158 1600 3222 ouidee
1622 3177 1694 3221 oneo
1715 3158 1783 3223 telle
1803 3158 1931 3241 sumlui,
1961 3164 2075 3239 quotu
2097 3181 2197 3224 ouros
2218 3160 2338 3244 dequoy
2358 3166 2387 3225 le

383 3277 541 3353 sustenter,
571 3272 600 3334 si
629 3271 755 3335 n’estois
782 3275 849 3351 trop
876 3271 1016 3336 ourienn.
1064 3269 1129 3333 Cor
1155 3269 1225 3333 o'est
1250 3267 1335 3350 folle,
1363 3270 1451 3333 ooire
1479 3267 1564 3333 otiose
1593 3266 1779 3351 impossible,
1808 3269 1846 3334 ele
1861 3288 1977 3349 pensor
2004 3270 2168 3353 satisfaire
2194 3271 2312 3336 loeus
2332 3274 2388 3354 qui

385 3387 597 3466 outreposseut
618 3387 698 3446 toute
718 3401 849 3463 nesure,
879 3385 907 3446 et
927 3379 1047 3445 ueulenl
1076 3379 1203 3463 voltiper
1219 3401 1284 3461 por
1314 3379 1425 3445 nessus
1454 3380 1487 3445 lo
1508 3379 1645 3460 oopooitl
1674 3379 1714 3444 de
1742 3382 1810 3446 leur
1840 3380 2053 3463 entendement,
2082 3401 2121 3445 on
2149 3388 2229 3448 sorte
2257 3403 2387 3448 mesmes

384 3495 459 3577 ou'il
487 3493 540 3576 n’y
567 3515 588 3559 o
614 3495 682 3557 rien
709 3513 753 3556 ou
781 3492 838 3558 olel
867 3498 893 3557 et
915 3492 1117 3573 cuiatem,
1151 3491 1192 3555 orl
1213 3491 1256 3556 ils
1277 3512 1315 3557 ne
1335 3492 1453 3556 vollem
1474 3498 1581 3556 mettre
1603 3491 1630 3555 le
1652 3511 1707 3556 neo
1729 3496 1757 3555 ot
1779 3493 1847 3557 leur
1864 3494 1957 3574 proin
1973 3513 2058 3574 pour
2078 3514 2100 3575 p
2119 3493 2250 3574 souiller
2270 3515 2384 3560 comme

379 3624 570 3689 pouroeouoo.
614 3604 658 3669 Et
672 3606 710 3669 ele
727 3604 790 3686 soil
810 3625 850 3670 or
871 3604 942 3668 n'en
963 3608 1068 3668 trouve
1089 3622 1147 3684 que
1167 3608 1236 3683 trop
1259 3603 1315 3683 qui
1336 3601 1489 3667 bostiront
1508 3604 1563 3667 eles
1583 3604 1740 3684 questions
1760 3624 1817 3669 sur
1837 3603 1870 3668 lo
1886 3604 1994 3685 pointe
2015 3603 2108 3668 ‹l’une
2131 3605 2260 3687 oipuille
2280 3612 2309 3670 et
2329 3627 2387 3673 sur

384 3739 426 3782 un
447 3718 553 3783 soblon
575 3722 736 3781 moueant:
761 3722 788 3780 et
810 3718 839 3780 si
854 3736 939 3796 pour
961 3734 1073 3796 oouper
1094 3713 1213 3779 olnnin
1234 3713 1256 3776 o
1278 3714 1363 3779 teins
1385 3715 1548 3778 moriositeu
1570 3734 1609 3778 on
1630 3715 1698 3779 leur
1719 3716 1854 3795 respond
1870 3715 2071 3798 simplement,
2101 3717 2181 3798 qu⁷il
2201 3737 2240 3781 ne
2261 3738 2294 3783 se
2314 3718 2387 3800 foul

380 3832 469 3913 point
489 3830 636 3911 enquerir
658 3834 745 3893 outre
765 3847 798 3893 oe
821 3848 879 3909 que
902 3825 989 3892 Dieu
1010 3845 1089 3890 nous
1113 3846 1134 3890 o
1155 3825 1276 3890 deolort
1297 3844 1335 3889 en
1356 3846 1395 3891 so
1410 3826 1531 3907 parole,
1561 3826 1603 3891 ils
1624 3846 1663 3891 ne
1683 3831 1747 3892 s’en
1768 3828 1871 3907 seront
1892 3847 1951 3907 oue
1971 3847 2096 3908 moquer
2117 3832 2146 3891 et
2165 3830 2271 3893 dirorot
2291 3829 2387 3909 qu’ils

385 3946 434 4007 ont
447 3941 517 4005 bien
529 3940 592 4022 soit
607 3941 639 4006 lo
657 3939 748 4004 horle
763 3939 784 4001 ὰ
798 3958 875 4004 ceux
896 3938 1043 4019 ausquels
1057 3937 1098 4002 ils
1118 3958 1151 4002 se
1172 3943 1273 4002 seront
1295 3937 1441 4002 odresseo
1459 3957 1543 4017 pour
1564 3936 1725 4021 desporper
1746 3937 1830 4003 leurs
1852 3939 1971 4003 sottises
1999 3943 2027 4003 et
2055 3937 2234 4023 bodiuopes.
2282 3938 2387 4021 Quom

385 4054 405 4118 ὰ
427 4074 506 4119 nous
533 4058 671 4117 retenons
697 4056 772 4118 ceste
793 4052 884 4133 reple,
914 4070 972 4131 quo
993 4049 1098 4130 ᾳηαηᾱ
1122 4047 1206 4113 Dieu
1228 4069 1319 4113 onore
1346 4069 1384 4113 so
1406 4048 1517 4113 housle
1544 4068 1647 4113 sooree
1664 4069 1748 4129 pour
1769 4070 1848 4114 nous
1869 4051 2031 4132 introire,
2060 4052 2150 4115 aussi
2170 4052 2284 4116 ‹leooros
2304 4072 2386 4117 nous

385 4167 492 4230 ouorir
513 4185 569 4230 nos
598 4162 820 4244 oreillespour
850 4161 993 4225 entondre
1014 4180 1046 4225 oo
1068 4159 1146 4241 qu’il
1167 4160 1220 4242 lup
1237 4160 1340 4242 ploist
1360 4180 1439 4225 nous
1459 4160 1670 4225 commender:
1696 4159 1902 4244 D’outrepurt
1923 4162 2030 4244 quoni
2051 4161 2078 4227 il
2097 4162 2254 4245 (orroeon
2275 4163 2386 4228 lonclie

385 4283 412 4341 et
439 4298 476 4340 ne
502 4277 550 4341 ott
571 4280 642 4355 mot,
673 4293 752 4339 nous
779 4274 893 4339 oleoons
922 4272 1013 4337 oussi
1039 4271 1155 4354 former
1176 4292 1232 4337 nos
1260 4292 1330 4337 sens
1352 4278 1378 4335 et
1399 4271 1528 4337 louoler
1550 4292 1609 4337 nos
1630 4273 1752 4338 oreilles
1767 4294 1851 4355 pour
1871 4278 2041 4338 n’esoouter
2061 4292 2093 4338 oe
2114 4274 2171 4356 qui
2192 4293 2269 4339 nous
2290 4275 2384 4340 seroit

384 4388 429 4452 dit
450 4392 549 4451 contre
570 4406 627 4450 son
648 4386 850 4468 mondement,
879 4384 944 4465 ofin
973 4382 1010 4447 de
1031 4382 1142 4448 n’estre
1168 4384 1293 4463 surpris
1314 4388 1342 4448 et
1361 4383 1469 4449 deoeus
1486 4404 1551 4464 por
1573 4386 1700 4465 fousses
1725 4389 1931 4468 etperoerses
1955 4385 2117 4449 doctrines.
2165 4383 2210 4449 Or
2229 4384 2284 4450 s‘il
2304 4404 2384 4449 nous

384 4500 522 4565 convient
548 4503 627 4561 estre
655 4496 759 4561 sobres
788 4501 816 4559 et
836 4496 986 4560 modestes
1015 4494 1122 4577 quood
1143 4492 1168 4557 il
1190 4500 1234 4557 est
1255 4493 1396 4574 question
1415 4495 1454 4559 ‹le
1474 4495 1594 4560 troitter
1615 4496 1654 4560 de
1674 4494 1870 4579 l'Esoriture‚
1899 4502 1926 4561 ot
1947 4496 2106 4577 esplucler
2127 4498 2172 4562 les
2192 4502 2304 4561 soereto
2324 4516 2385 4578 que

383 4610 469 4675 Dieu
489 4629 568 4674 nous
588 4631 609 4690 p
631 4630 653 4673 o
674 4608 789 4671 loisseo
804 4627 871 4687 por
893 4608 995 4688 escrit,
1016 4606 1042 4670 il
1063 4610 1107 4670 est
1128 4606 1245 4670 oertoin
1266 4625 1324 4686 que
1343 4604 1415 4670 o'est
1435 4625 1473 4669 en
1493 4612 1569 4671 nesto
1589 4606 1713 4687 disputo
1733 4610 1771 4673 de
1791 4608 1824 4672 lo
1843 4609 2098 4689 predestination.
2145 4606 2208 4673 Oor
2224 4612 2291 4672 torol
2304 4606 2382 4688 plus

384 4741 463 4786 nous
484 4721 652 4786 oulderons
673 4724 788 4784 menter
809 4718 885 4782 lout
901 4739 968 4800 por
990 4718 1023 4783 lo
1044 4715 1181 4781 subtilitt
1202 4716 1239 4780 ele
1259 4735 1316 4781 nos
1337 4716 1556 4795 entendemens,
1578 4723 1644 4781 tout
1660 4720 1737 4801 plus
1753 4725 1856 4785 nostre
1877 4721 2042 4804 ipnorom
2056 4725 2084 4783 et
2104 4720 2212 4784 lestise
2233 4738 2310 4783 nous
2330 4718 2382 4783 oo

383 4834 531 4898 hoissero.
577 4830 614 4895 Si
643 4804 720 4895 nous
751 4832 897 4895 estimons
921 4835 1065 4911 penetrer
1081 4850 1147 4910 por
1176 4832 1278 4892 nostre
1302 4834 1376 4892 veut
1403 4829 1530 4909 iusques
1552 4849 1619 4893 nun
1646 4836 1756 4895 seerets
1775 4831 1814 4897 de
1834 4830 1932 4913 Dion,
1962 4851 2042 4896 nous
2063 4850 2172 4895 serons
2193 4830 2383 4895 inoontinenl

380 4943 522 5022 ostonis,
553 4961 593 5006 ou
611 4941 743 5022 plustost
764 4940 909 5025 oveuplen
937 4941 981 5006 olu
1010 4946 1074 5006 tout
1089 4962 1154 5023 por
1173 4960 1210 5005 so
1230 4940 1351 5021 ponde
1380 4940 1487 5006 olortt.
1534 4938 1598 5007 Cor
1618 4960 1731 5005 nmmo
1751 4961 1830 5007 nous
1846 4962 1989 5024 pouoons
2010 4946 2212 5007 ouounement
2231 4941 2381 5024 reporoler

381 5054 407 5120 le
435 5054 522 5120 soleil
551 5054 657 5134 quand
685 5052 711 5117 il
737 5074 770 5118 se
791 5053 903 5119 leveel
924 5052 1000 5118 n’est
1016 5072 1080 5135 pos
1107 5071 1197 5117 enoor
1225 5072 1262 5116 en
1289 5071 1328 5117 so
1348 5052 1449 5135 toron:
1477 5053 1561 5117 mois
1588 5053 1641 5117 pp
1662 5053 1745 5117 oierot
1766 5073 1804 5119 en
1830 5074 1869 5119 so
1885 5054 1988 5135 pleine
2009 5053 2106 5119 olortl
2127 5053 2159 5117 lo
2180 5051 2322 5135 foillesse
2343 5052 2380 5117 de

381 5170 482 5231 nostre
496 5171 571 5229 veut
584 5166 757 5247 opporoist‚
780 5164 913 5246 laquelle
933 5185 1011 5230 nous
1032 5162 1170 5229 semlloit
1192 5169 1390 5245 euporounnt
1411 5184 1499 5228 osseo
1518 5164 1600 5247 forte
1616 5185 1701 5247 pour
1717 5170 1823 5245 porter
1843 5184 1905 5229 une
1925 5164 1992 5229 telle
2011 5164 2148 5230 lumiere.
2185 5164 2292 5244 Ainsi,
2313 5164 2379 5247 nfin

382 5298 441 5359 oue
468 5297 548 5341 nous
566 5276 712 5358 porlions
741 5296 814 5341 ouon
837 5274 991 5353 Salomon,
1020 5275 1107 5358 oeluy
1136 5275 1191 5355 qui
1220 5274 1402 5358 s’enouerro
1430 5278 1468 5341 de
1495 5275 1528 5339 to
1548 5276 1675 5341 mansit
1702 5277 1740 5342 ele
1761 5274 1850 5341 Dieu
1877 5296 1951 5342 sero
1971 5276 2112 5358 opprimi
2129 5298 2193 5358 por
2213 5297 2250 5341 so
2270 5276 2380 5360 ploire.

387 5387 452 5469 Quo
480 5389 509 5453 si
531 5392 606 5452 ceste
633 5392 768 5452 sentence
791 5392 835 5451 est
861 5387 930 5452 lien
951 5387 1116 5467 imprimee
1137 5406 1174 5450 en
1202 5406 1259 5451 nos
1280 5407 1385 5453 ooeurs
1414 5386 1468 5452 elle
1487 5387 1602 5469 suffiro
1625 5408 1710 5468 pour
1730 5386 1873 5453 rolbotre
1902 5388 1934 5453 lo
1956 5388 2100 5453 euriosite‘
2124 5388 2162 5453 ele
2180 5407 2236 5452 nos
2258 5389 2380 5470 esprils,

382 5506 408 5563 et
437 5499 481 5564 les
508 5500 589 5564 tenir
616 5520 653 5564 en
676 5499 759 5563 leurs
788 5497 895 5563 lornes
921 5503 949 5563 et
978 5496 1100 5561 limites.
1147 5497 1181 5563 Il
1209 5498 1262 5582 n'p
1283 5519 1305 5563 o
1332 5499 1409 5565 dono
1435 5500 1505 5563 rien
1531 5499 1672 5564 meilleur
1701 5520 1739 5564 en
1760 5505 1820 5564 oest
1852 5499 1972 5565 umroit
1992 5520 2051 5582 que
2071 5500 2109 5564 de
2128 5501 2210 5580 tenir
2230 5518 2287 5564 nos
2308 5518 2378 5563 sens

381 5631 493 5694 serree,
516 5611 537 5675 ὰ
559 5631 591 5675 oe
612 5611 706 5693 qu’ils
726 5614 981 5693 n’entrouopueut
1000 5614 1028 5673 ot
1049 5629 1082 5675 se
1102 5610 1240 5674 ietnutol
1259 5610 1436 5676 l'olonrlon.
1484 5611 1547 5676 Gor
1567 5613 1597 5676 si
1619 5630 1698 5675 notos
1711 5616 1831 5676 sortons
1852 5609 1925 5675 lors
1945 5610 2000 5675 oles
2019 5630 2096 5693 pons
2110 5631 2177 5693 por
2197 5615 2299 5675 nostro
2320 5631 2377 5674 ou·
